
@Article{pubmed21926975,
   author = "H Chitsaz and JL Yee-Greenbaum and G Tesler and MJ Lombardo and CL Dupont and JH Badger and M Novotny and DB Rusch and LJ Fraser and NA Gormley and O Schulz-Trieglaff and GP Smith and DJ Evers and PA Pevzner and RS Lasken",
   title = "Efficient de novo assembly of single-cell bacterial genomes from short-read data sets.",
   journal = "Nat Biotechnol",
   year = "2011",
   volume = "29",
   number = "10",
   pages = "915-21"
}

@Article{pubmed21572440,
   author = "MG Grabherr and BJ Haas and M Yassour and JZ Levin and DA Thompson and I Amit and X Adiconis and L Fan and R Raychowdhury and Q Zeng and Z Chen and E Mauceli and N Hacohen and A Gnirke and N Rhind and F di Palma and BW Birren and C Nusbaum and K Lindblad-Toh and N Friedman and A Regev",
   title = "Full-length transcriptome assembly from RNA-Seq data without a reference genome.",
   journal = "Nat Biotechnol",
   year = "2011",
   volume = "29",
   number = "7",
   pages = "644-52"
}

@Article{pubmed21114842,
   author = "DR Kelley and MC Schatz and SL Salzberg",
   title = "Quake: quality-aware detection and correction of sequencing errors.",
   journal = "Genome Biol",
   year = "2010",
   volume = "11",
   number = "11",
   pages = "R116"
}

@Article{pubmed19261174,
   author = "B Langmead and C Trapnell and M Pop and SL Salzberg",
   title = "Ultrafast and memory-efficient alignment of short DNA sequences to the human genome.",
   journal = "Genome Biol",
   year = "2009",
   volume = "10",
   number = "3",
   pages = "R25"
}

@Article{pubmed18349386,
   author = "DR Zerbino and E Birney",
   title = "Velvet: algorithms for de novo short read assembly using de Bruijn graphs.",
   journal = "Genome Res",
   year = "2008",
   volume = "18",
   number = "5",
   pages = "821-9"
}

@Article{pubmed8889548,
   author = "MF Bonaldo and G Lennon and MB Soares",
   title = "Normalization and subtraction: two approaches to facilitate gene discovery.",
   journal = "Genome Res",
   year = "1996",
   volume = "6",
   number = "9",
   pages = "791-806"
}

@Article{pubmed7937745,
   author = "MB Soares and MF Bonaldo and P Jelene and L Su and L Lawton and A Efstratiadis",
   title = "Construction and characterization of a normalized cDNA library.",
   journal = "Proc Natl Acad Sci U S A",
   year = "1994",
   volume = "91",
   number = "20",
   pages = "9228-32"
}

@Article{pubmed2147368,
   author = "PS Pagel and JP Kampine and WT Schmeling and DC Warltier",
   title = "Effects of nitrous oxide on myocardial contractility as evaluated by the preload recruitable stroke work relationship in chronically instrumented dogs.",
   journal = "Anesthesiology",
   year = "1990",
   volume = "73",
   number = "6",
   pages = "1148-57"
}

