
@Article{pubmed22419786,
   author = "MS Burriesci and EM Lehnert and JR Pringle",
   title = "Fulcrum: condensing redundant reads from high-throughput sequencing studies.",
   journal = "Bioinformatics",
   year = "2012",
   volume = "",
   number = "",
   pages = ""
}

@Article{pubmed22368243,
   author = "MH Schulz and DR Zerbino and M Vingron and E Birney",
   title = "Oases: robust de novo RNA-seq assembly across the dynamic range of expression levels.",
   journal = "Bioinformatics",
   year = "2012",
   volume = "28",
   number = "8",
   pages = "1086-92"
}

@Article{pubmed22156294,
   author = "JT Simpson and R Durbin",
   title = "Efficient de novo assembly of large genomes using compressed data structures.",
   journal = "Genome Res",
   year = "2012",
   volume = "22",
   number = "3",
   pages = "549-56"
}

@Article{pubmed22147368,
   author = "SL Salzberg and AM Phillippy and A Zimin and D Puiu and T Magoc and S Koren and TJ Treangen and MC Schatz and AL Delcher and M Roberts and G Marcais and M Pop and JA Yorke",
   title = "GAGE: A critical evaluation of genome assemblies and assembly algorithms.",
   journal = "Genome Res",
   year = "2012",
   volume = "22",
   number = "3",
   pages = "557-67"
}

@Article{pubmed22139935,
   author = "AJ Pinho and D Pratas and SP Garcia",
   title = "GReEn: a tool for efficient compression of genome resequencing data.",
   journal = "Nucleic Acids Res",
   year = "2012",
   volume = "40",
   number = "4",
   pages = "e27"
}

@Article{pubmed22068540,
   author = "PE Compeau and PA Pevzner and G Tesler",
   title = "How to apply de Bruijn graphs to genome assembly.",
   journal = "Nat Biotechnol",
   year = "2011",
   volume = "29",
   number = "11",
   pages = "987-91"
}

@Article{pubmed22028825,
   author = "T Woyke and A Sczyrba and J Lee and C Rinke and D Tighe and S Clingenpeel and R Malmstrom and R Stepanauskas and JF Cheng",
   title = "Decontamination of MDA reagents for single cell whole genome amplification.",
   journal = "PLoS One",
   year = "2011",
   volume = "6",
   number = "10",
   pages = "e26161"
}

@Article{pubmed21926975,
   author = "H Chitsaz and JL Yee-Greenbaum and G Tesler and MJ Lombardo and CL Dupont and JH Badger and M Novotny and DB Rusch and LJ Fraser and NA Gormley and O Schulz-Trieglaff and GP Smith and DJ Evers and PA Pevzner and RS Lasken",
   title = "Efficient de novo assembly of single-cell bacterial genomes from short-read data sets.",
   journal = "Nat Biotechnol",
   year = "2011",
   volume = "29",
   number = "10",
   pages = "915-21"
}

@Article{pubmed21926123,
   author = "S Koren and TJ Treangen and M Pop",
   title = "Bambus 2: scaffolding metagenomes.",
   journal = "Bioinformatics",
   year = "2011",
   volume = "27",
   number = "21",
   pages = "2964-71"
}

@Article{pubmed21867570,
   author = "A Sboner and XJ Mu and D Greenbaum and RK Auerbach and MB Gerstein",
   title = "The real cost of sequencing: higher than you think!",
   journal = "Genome Biol",
   year = "2011",
   volume = "12",
   number = "8",
   pages = "125"
}

@Article{pubmed21685107,
   author = "Y Peng and HC Leung and SM Yiu and FY Chin",
   title = "Meta-IDBA: a de Novo assembler for metagenomic data.",
   journal = "Bioinformatics",
   year = "2011",
   volume = "27",
   number = "13",
   pages = "i94-101"
}

@Article{pubmed21685062,
   author = "P Medvedev and E Scott and B Kakaradov and P Pevzner",
   title = "Error correction of high-throughput sequencing datasets with non-uniform coverage.",
   journal = "Bioinformatics",
   year = "2011",
   volume = "27",
   number = "13",
   pages = "i137-41"
}

@Article{pubmed21572440,
   author = "MG Grabherr and BJ Haas and M Yassour and JZ Levin and DA Thompson and I Amit and X Adiconis and L Fan and R Raychowdhury and Q Zeng and Z Chen and E Mauceli and N Hacohen and A Gnirke and N Rhind and F di Palma and BW Birren and C Nusbaum and K Lindblad-Toh and N Friedman and A Regev",
   title = "Full-length transcriptome assembly from RNA-Seq data without a reference genome.",
   journal = "Nat Biotechnol",
   year = "2011",
   volume = "29",
   number = "7",
   pages = "644-52"
}

@Article{pubmed21245053,
   author = "TC Conway and AJ Bromage",
   title = "Succinct data structures for assembling large genomes.",
   journal = "Bioinformatics",
   year = "2011",
   volume = "27",
   number = "4",
   pages = "479-86"
}

@Article{pubmed21187386,
   author = "S Gnerre and I Maccallum and D Przybylski and FJ Ribeiro and JN Burton and BJ Walker and T Sharpe and G Hall and TP Shea and S Sykes and AM Berlin and D Aird and M Costello and R Daza and L Williams and R Nicol and A Gnirke and C Nusbaum and ES Lander and DB Jaffe",
   title = "High-quality draft assemblies of mammalian genomes from massively parallel sequence data.",
   journal = "Proc Natl Acad Sci U S A",
   year = "2011",
   volume = "108",
   number = "4",
   pages = "1513-8"
}

@Article{pubmed21151575,
   author = "JK Pickrell and AA Pai and Y Gilad and JK Pritchard",
   title = "Noisy splicing drives mRNA isoform diversity in human cells.",
   journal = "PLoS Genet",
   year = "2010",
   volume = "6",
   number = "12",
   pages = "e1001236"
}

@Article{pubmed21114842,
   author = "DR Kelley and MC Schatz and SL Salzberg",
   title = "Quake: quality-aware detection and correction of sequencing errors.",
   journal = "Genome Biol",
   year = "2010",
   volume = "11",
   number = "11",
   pages = "R116"
}

@Article{pubmed20633259,
   author = "P Novak and P Neumann and J Macas",
   title = "Graph-based clustering and characterization of repetitive sequences in next-generation sequencing data.",
   journal = "BMC Bioinformatics",
   year = "2010",
   volume = "11",
   number = "",
   pages = "378"
}

@Article{pubmed20529929,
   author = "JT Simpson and R Durbin",
   title = "Efficient construction of an assembly string graph using the FM-index.",
   journal = "Bioinformatics",
   year = "2010",
   volume = "26",
   number = "12",
   pages = "i367-73"
}

@Article{pubmed20511140,
   author = "Y Li and Y Hu and L Bolund and J Wang",
   title = "State of the art de novo assembly of human genomes from massively parallel sequencing data.",
   journal = "Hum Genomics",
   year = "2010",
   volume = "4",
   number = "4",
   pages = "271-7"
}

@Article{pubmed20441614,
   author = "LD Stein",
   title = "The case for cloud computing in genome informatics.",
   journal = "Genome Biol",
   year = "2010",
   volume = "11",
   number = "5",
   pages = "207"
}

@Article{pubmed20211242,
   author = "JR Miller and S Koren and G Sutton",
   title = "Assembly algorithms for next-generation sequencing data.",
   journal = "Genomics",
   year = "2010",
   volume = "95",
   number = "6",
   pages = "315-27"
}

@Article{pubmed19997069,
   author = "ML Metzker",
   title = "Sequencing technologies - the next generation.",
   journal = "Nat Rev Genet",
   year = "2010",
   volume = "11",
   number = "1",
   pages = "31-46"
}

@Article{pubmed19724646,
   author = "S Rodrigue and RR Malmstrom and AM Berlin and BW Birren and MR Henn and SW Chisholm",
   title = "Whole genome amplification and de novo assembly of single bacterial cells.",
   journal = "PLoS One",
   year = "2009",
   volume = "4",
   number = "9",
   pages = "e6864"
}

@Article{pubmed19580519,
   author = "N Nagarajan and M Pop",
   title = "Parametric complexity of sequence assembly: theory and applications to next generation sequencing.",
   journal = "J Comput Biol",
   year = "2009",
   volume = "16",
   number = "7",
   pages = "897-908"
}

@Article{pubmed19430453,
   author = "C Trapnell and SL Salzberg",
   title = "How to map billions of short reads onto genomes.",
   journal = "Nat Biotechnol",
   year = "2009",
   volume = "27",
   number = "5",
   pages = "455-7"
}

@Article{pubmed19357099,
   author = "MC Schatz",
   title = "CloudBurst: highly sensitive read mapping with MapReduce.",
   journal = "Bioinformatics",
   year = "2009",
   volume = "25",
   number = "11",
   pages = "1363-9"
}

@Article{pubmed19261174,
   author = "B Langmead and C Trapnell and M Pop and SL Salzberg",
   title = "Ultrafast and memory-efficient alignment of short DNA sequences to the human genome.",
   journal = "Genome Biol",
   year = "2009",
   volume = "10",
   number = "3",
   pages = "R25"
}

@Article{pubmed19251739,
   author = "JT Simpson and K Wong and SD Jackman and JE Schein and SJ Jones and I Birol",
   title = "ABySS: a parallel assembler for short read sequence data.",
   journal = "Genome Res",
   year = "2009",
   volume = "19",
   number = "6",
   pages = "1117-23"
}

@Article{pubmed18549302,
   author = "HH Do and KP Choi and FP Preparata and WK Sung and L Zhang",
   title = "Spectrum-based de novo repeat detection in genomic sequences.",
   journal = "J Comput Biol",
   year = "2008",
   volume = "15",
   number = "5",
   pages = "469-87"
}

@Article{pubmed18541131,
   author = "W Gu and TA Castoe and DJ Hedges and MA Batzer and DD Pollock",
   title = "Identification of repeat structure in large genomes using repeat probability clouds.",
   journal = "Anal Biochem",
   year = "2008",
   volume = "380",
   number = "1",
   pages = "77-83"
}

@Article{pubmed18349386,
   author = "DR Zerbino and E Birney",
   title = "Velvet: algorithms for de novo short read assembly using de Bruijn graphs.",
   journal = "Genome Res",
   year = "2008",
   volume = "18",
   number = "5",
   pages = "821-9"
}

@Article{pubmed17487184,
   author = "C Spits and C Le Caignec and M De Rycke and L Van Haute and A Van Steirteghem and I Liebaers and K Sermon",
   title = "Whole-genome multiple displacement amplification from single cells.",
   journal = "Nat Protoc",
   year = "2006",
   volume = "1",
   number = "4",
   pages = "1965-70"
}

@Article{pubmed15059830,
   author = "M Chaisson and P Pevzner and H Tang",
   title = "Fragment assembly with short reads.",
   journal = "Bioinformatics",
   year = "2004",
   volume = "20",
   number = "13",
   pages = "2067-74"
}

@Article{pubmed8889548,
   author = "MF Bonaldo and G Lennon and MB Soares",
   title = "Normalization and subtraction: two approaches to facilitate gene discovery.",
   journal = "Genome Res",
   year = "1996",
   volume = "6",
   number = "9",
   pages = "791-806"
}

@Article{pubmed7937745,
   author = "MB Soares and MF Bonaldo and P Jelene and L Su and L Lawton and A Efstratiadis",
   title = "Construction and characterization of a normalized cDNA library.",
   journal = "Proc Natl Acad Sci U S A",
   year = "1994",
   volume = "91",
   number = "20",
   pages = "9228-32"
}

