@article{metavelvet,
  title={{M}eta{V}elvet: {A}n extension of {V}elvet assembler to de novo metagenome assembly from short sequence reads},
  author={Namiki, T. and Hachiya, T. and Tanaka, H. and Sakakibara, Y.},
  journal={ACM Conference on Bioinformatics, Computational Biology and Biomedicine},
  year={2011}
}
